@Manual{,
  title = {flextable: Functions for Tabular Reporting},
  author = {David Gohel and Panagiotis Skintzos},
  year = {2024},
  note = {R package version 0.9.5, 
https://davidgohel.github.io/flextable/},
  url = {https://ardata-fr.github.io/flextable-book/},
}
@Manual{,
  title = {knitr: A General-Purpose Package for Dynamic Report Generation in R},
  author = {Yihui Xie},
  year = {2024},
  note = {R package version 1.46},
  url = {https://yihui.org/knitr/},
}

@Book{,
  title = {Dynamic Documents with {R} and knitr},
  author = {Yihui Xie},
  publisher = {Chapman and Hall/CRC},
  address = {Boca Raton, Florida},
  year = {2015},
  edition = {2nd},
  note = {ISBN 978-1498716963},
  url = {https://yihui.org/knitr/},
}

@InCollection{,
  booktitle = {Implementing Reproducible Computational Research},
  editor = {Victoria Stodden and Friedrich Leisch and Roger D. Peng},
  title = {knitr: A Comprehensive Tool for Reproducible Research in {R}},
  author = {Yihui Xie},
  publisher = {Chapman and Hall/CRC},
  year = {2014},
  note = {ISBN 978-1466561595},
}
@Article{,
  title = {Extracting, Computing and Exploring the Parameters of Statistical Models using {R}.},
  volume = {5},
  doi = {10.21105/joss.02445},
  number = {53},
  journal = {Journal of Open Source Software},
  author = {Daniel Lüdecke and Mattan S. Ben-Shachar and Indrajeet Patil and Dominique Makowski},
  year = {2020},
  pages = {2445},
}
@Misc{,
  title = {posterior: Tools for Working with Posterior Distributions},
  author = {Paul-Christian Bürkner and Jonah Gabry and Matthew Kay and Aki Vehtari},
  year = {2023},
  note = {R package version 1.5.0},
  url = {https://mc-stan.org/posterior/},
}

@Article{,
  title = {Rank-normalization, folding, and localization: An improved Rhat
for assessing convergence of MCMC (with discussion)},
  author = {Aki Vehtari and Andrew Gelman and Daniel Simpson and Bob Carpenter and Paul-Christian Bürkner},
  year = {2021},
  journal = {Bayesian Analysis},
}
@Manual{,
  title = {scales: Scale Functions for Visualization},
  author = {Hadley Wickham and Thomas Lin Pedersen and Dana Seidel},
  year = {2023},
  note = {R package version 1.3.0, https://github.com/r-lib/scales},
  url = {https://scales.r-lib.org},
}
